%% This BibTeX bibliography file was created using BibDesk.
%% http://bibdesk.sourceforge.net/


%% Created for Till Biskup at 2005-09-27 11:34:08 +0200 


%% Saved with string encoding UTF-8 





@manual{TheMathWorks:2005ah,
	Address = {Natick, MA},
	Date-Added = {2005-09-27 11:32:55 +0200},
	Date-Modified = {2005-09-27 11:34:07 +0200},
	Edition = {7},
	Local-Url = {/Users/till/Documents/MATLAB-Documentation/matlab_env.pdf},
	Month = {September},
	Organization = {The MathWorks, Inc.},
	Title = {MATLAB Desktop Tools and Development Environment},
	Year = {2005}}

@manual{TheMathWorks:2005zi,
	Address = {Natick, MA},
	Date-Added = {2005-09-27 10:34:31 +0200},
	Date-Modified = {2005-09-27 10:35:18 +0200},
	Edition = {7},
	Local-Url = {file://localhost/Users/till/Documents/MATLAB-Documentation/matlab_prog.pdf},
	Month = {September},
	Organization = {The Mathworks, Inc},
	Title = {MATLAB Programming},
	Year = {2005}}

@manual{TheMathWorks:2005nt,
	Address = {Natick, MA},
	Date-Added = {2005-09-27 10:31:56 +0200},
	Date-Modified = {2005-09-27 10:33:46 +0200},
	Edition = {7},
	Local-Url = {/Users/till/Documents/MATLAB-Documentation/getstart.pdf},
	Month = {September},
	Organization = {The MathWorks, Inc.},
	Title = {Getting Started with MATLAB},
	Year = {2005}}

@manual{Collins-Sussman:2005qs,
	Author = {Ben Collins-Sussman and Brian W. Fitzpatrick and C. Michael Pilato},
	Date-Added = {2005-09-27 10:29:55 +0200},
	Date-Modified = {2005-09-27 10:31:02 +0200},
	Edition = {book compiled from Revision 1337},
	Local-Url = {/Users/till/Documents/trEPR-Auswertungsskripte/svn-book.pdf},
	Title = {Version Control with Subversion},
	Year = {2005}}

@manual{Slothouber:2005hs,
	Author = {Frans Slothouber},
	Date-Added = {2005-09-27 10:27:33 +0200},
	Date-Modified = {2005-09-27 10:29:24 +0200},
	Local-Url = {file://localhost/Users/till/Documents/trEPR-Auswertungsskripte/ROBODoc-manual.pdf},
	Month = {January},
	Title = {ROBODoc 4.99.15 User Manual},
	Year = {2005}}